<record><leader>00000cas a2200000 a 4500</leader><controlfield tag="001">701546287</controlfield><controlfield tag="006">m     o  d        </controlfield><controlfield tag="007">cr |n|||||||||</controlfield><controlfield tag="008">860716d18621866dcudn neo     |   a0eng  </controlfield><datafield ind1=" " ind2=" " tag="010"><subfield code="a">  2012203854</subfield></datafield><datafield ind1=" " ind2=" " tag="040"><subfield code="a">Nz</subfield><subfield code="b">eng</subfield><subfield code="c">Z5A</subfield><subfield code="d">OCLCO</subfield><subfield code="d">DLC</subfield><subfield code="d">OCLCQ</subfield><subfield code="d">OCLCA</subfield><subfield code="d">OCLCF</subfield><subfield code="d">OCLCQ</subfield></datafield><datafield ind1="0" ind2=" " tag="022"><subfield code="a">2169-5210</subfield><subfield code="y">2158-2831</subfield><subfield code="2">1</subfield></datafield><datafield ind1=" " ind2=" " tag="042"><subfield code="a">pcc</subfield><subfield code="a">nsdp</subfield></datafield><datafield ind1=" " ind2=" " tag="043"><subfield code="a">n-us-dc</subfield></datafield><datafield ind1="1" ind2="0" tag="050"><subfield code="a">ISSN RECORD</subfield></datafield><datafield ind1="0" ind2="0" tag="082"><subfield code="a">071</subfield><subfield code="2">23</subfield></datafield><datafield ind1="0" ind2=" " tag="130"><subfield code="a">Daily national Republican (Washington, D.C. : 1862 : Online)</subfield></datafield><datafield ind1=" " ind2="0" tag="222"><subfield code="a">Daily national Republican</subfield><subfield code="b">(Washington, D.C. 1862. Online)</subfield></datafield><datafield ind1="1" ind2="0" tag="245"><subfield code="a">Daily national Republican.</subfield></datafield><datafield ind1="1" ind2="3" tag="246"><subfield code="a">National Republican</subfield></datafield><datafield ind1=" " ind2=" " tag="260"><subfield code="a">Washington, D.C. :</subfield><subfield code="b">W.J. Murtagh &amp; Co.,</subfield><subfield code="c">1862-1866.</subfield></datafield><datafield ind1=" " ind2=" " tag="310"><subfield code="a">Daily (except Sunday)</subfield></datafield><datafield ind1=" " ind2=" " tag="336"><subfield code="a">text</subfield><subfield code="b">txt</subfield><subfield code="2">rdacontent</subfield></datafield><datafield ind1=" " ind2=" " tag="337"><subfield code="a">computer</subfield><subfield code="b">c</subfield><subfield code="2">rdamedia</subfield></datafield><datafield ind1=" " ind2=" " tag="338"><subfield code="a">online resource</subfield><subfield code="b">cr</subfield><subfield code="2">rdacarrier</subfield></datafield><datafield ind1="1" ind2=" " tag="362"><subfield code="a">Began with vol. 2, no. 298 (Nov. 10, 1862); ceased with v. 6, no. 106 (Mar. 31, 1866).</subfield></datafield><datafield ind1=" " ind2=" " tag="500"><subfield code="a">Published morning and evening eds.</subfield></datafield><datafield ind1=" " ind2=" " tag="530"><subfield code="a">Also issued in print.</subfield></datafield><datafield ind1=" " ind2=" " tag="538"><subfield code="a">Mode of access: World Wide Web.</subfield></datafield><datafield ind1=" " ind2=" " tag="588"><subfield code="a">Description based on print version record.</subfield></datafield><datafield ind1=" " ind2=" " tag="588"><subfield code="a">Latest issue consulted: Vol. 6, no. 106 (Mar. 31, 1866) (Chroniclingamerica.loc.gov, viewed Aug. 31, 2012).</subfield></datafield><datafield ind1=" " ind2="0" tag="651"><subfield code="a">Washington (D.C.)</subfield><subfield code="v">Newspapers.</subfield></datafield><datafield ind1=" " ind2="7" tag="651"><subfield code="a">Washington (D.C.)</subfield><subfield code="2">fast</subfield><subfield code="0">(OCoLC)fst01204505</subfield></datafield><datafield ind1=" " ind2="7" tag="655"><subfield code="a">Newspapers.</subfield><subfield code="2">fast</subfield><subfield code="0">(OCoLC)fst01423814</subfield></datafield><datafield ind1=" " ind2=" " tag="752"><subfield code="a">United States</subfield><subfield code="b">District of Columbia</subfield><subfield code="d">Washington.</subfield></datafield><datafield ind1="0" ind2=" " tag="775"><subfield code="t">Weekly national Republican (Washington, D.C. : Daily)</subfield></datafield><datafield ind1="1" ind2=" " tag="776"><subfield code="t">Daily national Republican (Washington, D.C. : 1862)</subfield><subfield code="x">2158-2831</subfield><subfield code="w">(DLC)sn 86053570</subfield><subfield code="w">(OCoLC)13879073</subfield></datafield><datafield ind1="0" ind2="0" tag="780"><subfield code="t">National Republican (Washington, D.C. : Daily : Online)</subfield><subfield code="w">(OCoLC)732734691</subfield></datafield><datafield ind1="0" ind2="0" tag="785"><subfield code="t">National Republican (Washington, D.C. : 1866 : Online)</subfield><subfield code="w">(OCoLC)732738488</subfield></datafield><datafield ind1="4" ind2="0" tag="856"><subfield code="u">http://YU7RZ9HN8Y.search.serialssolutions.com/?V=1.0&amp;L=YU7RZ9HN8Y&amp;S=JCs&amp;C=TC0000390235&amp;T=marc</subfield></datafield><datafield ind1="4" ind2="0" tag="856"><subfield code="u">http://www.loc.gov/chroniclingamerica/lccn/sn86053570/issues</subfield></datafield><datafield ind1="0" ind2=" " tag="029"><subfield code="a">NZ1</subfield><subfield code="b">13544143</subfield></datafield><datafield ind1="1" ind2=" " tag="029"><subfield code="a">NZ1</subfield><subfield code="b">16244774</subfield></datafield></record>